<?xml version="1.0" encoding="UTF-8"?><collection xmlns="http://www.loc.gov/MARC21/slim"><record><leader>00504nam--2200181-i-4500</leader><controlfield tag="001">000002308</controlfield><controlfield tag="002">20161230</controlfield><controlfield tag="005">20170123174154</controlfield><controlfield tag="008">060222s1000------------r-----000-0-eng-d</controlfield><datafield ind1=" " ind2=" " tag="040"><subfield code="a">IFIN-HH</subfield></datafield><datafield ind1=" " ind2=" " tag="080"><subfield code="a">533.9</subfield></datafield><datafield ind1="1" ind2=" " tag="100"><subfield code="a">Green, H. S</subfield></datafield><datafield ind1=" " ind2=" " tag="245"><subfield code="a">Sources of plasma physics</subfield><subfield code="b">volume 1</subfield><subfield code="c">H.S. Green, R.S. Leipnik</subfield></datafield><datafield ind1=" " ind2=" " tag="260"><subfield code="a">The Netherlands</subfield><subfield code="b">Wolters-noordhoff Publishing Groningen</subfield><subfield code="c">1970</subfield></datafield><datafield ind1=" " ind2=" " tag="300"><subfield code="a">XIV + 630 p</subfield></datafield><datafield ind1="1" ind2=" " tag="700"><subfield code="a">Leipnik, R. B</subfield></datafield><datafield ind1=" " ind2=" " tag="852"><subfield code="a">34996</subfield><subfield code="c">533.9</subfield></datafield><datafield ind1=" " ind2=" " tag="CAT"><subfield code="a">SYS</subfield><subfield code="c">20170123</subfield><subfield code="h">174154</subfield></datafield></record></collection>